<?xml version="1.0" encoding="UTF-8"?>
<AuditFile xmlns="urn:OECD:StandardAuditFile-Tax:PT_1.03_01" xmlns:xsi="http://www.w3.org/2001/XMLSchema-instance" xmlns:spi="http://Empresa.pt/invoice1" xmlns:saf="urn:OECD:StandardAuditFile-Tax:PT_1.03_01" xsi:schemaLocation="urn:OECD:StandardAuditFile-Tax:PT_1.03_01 http://serprest.pt/tmp/SAFTPT-1.03_01.xsd">
  <Header>
    <AuditFileVersion>1.03_01</AuditFileVersion>
    <CompanyID>Leiria 55555</CompanyID>
    <TaxRegistrationNumber>506219300</TaxRegistrationNumber>
    <TaxAccountingBasis>F</TaxAccountingBasis>
    <CompanyName>Empresa, Lda</CompanyName>
    <CompanyAddress>
      <AddressDetail>Rua nome da rua, nº 100</AddressDetail>
      <City>Leiria</City>
      <PostalCode>4400-125</PostalCode>
      <Country>PT</Country>
    </CompanyAddress>
    <FiscalYear>2013</FiscalYear>
    <StartDate>2013-10-01</StartDate>
    <EndDate>2013-10-31</EndDate>
    <CurrencyCode>EUR</CurrencyCode>
    <DateCreated>2013-11-15</DateCreated>
    <TaxEntity>Global</TaxEntity>
    <ProductCompanyTaxID>506209365</ProductCompanyTaxID>
    <SoftwareCertificateNumber>0</SoftwareCertificateNumber>
    <ProductID>Empresa/invWeb</ProductID>
    <ProductVersion>0.9</ProductVersion>
  </Header>
  <MasterFiles>
    <Customer>
      <CustomerID>555561</CustomerID>
      <AccountID>555561</AccountID>
      <CustomerTaxID>501000005</CustomerTaxID>
      <CompanyName>Cliente Aveiro - Exportação de Madeiras, SA</CompanyName>
      <BillingAddress>
        <AddressDetail>Rua Professor Alfredo Silva, nº 10</AddressDetail>
        <City>Algés</City>
        <PostalCode>1495-241</PostalCode>
        <Country>PT</Country>
      </BillingAddress>
      <Email>contacto@empresa.pt</Email>
      <SelfBillingIndicator>0</SelfBillingIndicator>
    </Customer>
    <Product>
      <ProductType>S</ProductType>
      <ProductCode>160</ProductCode>
      <ProductGroup>1</ProductGroup>
      <ProductDescription>Madeira de Pinho</ProductDescription>
      <ProductNumberCode>160</ProductNumberCode>
    </Product>
    <TaxTable>
      <TaxTableEntry>
        <TaxType>IVA</TaxType>
        <TaxCountryRegion>PT</TaxCountryRegion>
        <TaxCode>NOR</TaxCode>
        <Description>Taxa Normal (23%)</Description>
        <TaxPercentage>23.00</TaxPercentage>
      </TaxTableEntry>
    </TaxTable>
  </MasterFiles>
  <SourceDocuments>
    <SalesInvoices>
      <NumberOfEntries>1</NumberOfEntries>
      <TotalDebit>0.00</TotalDebit>
      <TotalCredit>335</TotalCredit>
      <Invoice>
        <InvoiceNo>FT SRPT/8</InvoiceNo>
        <DocumentStatus>
          <InvoiceStatus>N</InvoiceStatus>
          <InvoiceStatusDate>2013-10-18T09:36:54.129+01:00</InvoiceStatusDate>
          <SourceID>User1</SourceID>
          <SourceBilling>P</SourceBilling>
        </DocumentStatus>
        <Hash>0</Hash>
        <InvoiceDate>2013-10-18</InvoiceDate>
        <InvoiceType>FT</InvoiceType>
        <SpecialRegimes>
          <SelfBillingIndicator>0</SelfBillingIndicator>
          <CashVATSchemeIndicator>0</CashVATSchemeIndicator>
          <ThirdPartiesBillingIndicator>0</ThirdPartiesBillingIndicator>
        </SpecialRegimes>
        <SourceID>User1</SourceID>
        <SystemEntryDate>2013-10-18T09:36:54.129+01:00</SystemEntryDate>
        <CustomerID>555561</CustomerID>
        <Line>
          <LineNumber>1</LineNumber>
          <ProductCode>160</ProductCode>
          <ProductDescription>Reparação de PC</ProductDescription>
          <Quantity>1</Quantity>
          <UnitOfMeasure>Unidade</UnitOfMeasure>
          <UnitPrice>335</UnitPrice>
          <TaxPointDate>2013-10-18</TaxPointDate>
          <Description>Madeita de pinho laminada</Description>
          <CreditAmount>335</CreditAmount>
          <Tax>
            <TaxType>IVA</TaxType>
            <TaxCountryRegion>PT</TaxCountryRegion>
            <TaxCode>NOR</TaxCode>
            <TaxPercentage>23.00</TaxPercentage>
          </Tax>
          <SettlementAmount>0</SettlementAmount>
        </Line>
        <DocumentTotals>
          <TaxPayable>77.05</TaxPayable>
          <NetTotal>335</NetTotal>
          <GrossTotal>412.05</GrossTotal>
        </DocumentTotals>
      </Invoice>
    </SalesInvoices>
  </SourceDocuments>
</AuditFile>